@book{atallah2009algorithms,
  title={Algorithms and Theory of Computation Handbook, Second Edition: Special Topics and Techniques},
  author={Atallah, M. J. and Blanton, M.},
  isbn={9781584888215},
  lccn={2009017979},
  series={Chapman \& Hall/CRC Applied Algorithms and Data Structures series},
  url={http://books.google.com/books?id=SbPpg\_4ZRGsC},
  year={2009},
  publisher={Taylor \& Francis}
}

@article{chen:spanning-trees,
  title = {A self-stabilizing algorithm for constructing spanning trees },
  journal = {Information Processing Letters },
  volume = {39},
  number = {3},
  pages = {147--151},
  year = {1991},
  issn = {0020-0190},
  doi = {http://dx.doi.org/10.1016/0020-0190(91)90111-T},
  url = {http://www.sciencedirect.com/science/article/pii/002001909190111T},
  author = {Nian-Shing Chen and Hwey-Pyng Yu and Shing-Tsaan Huang},
  keywords = {Analysis of algorithms},
  keywords = {combinatorial problems},
  keywords = {design of algorithms},
  keywords = {fault tolerance},
  keywords = {spanning tree},
  keywords = {self-stabilizing },
  abstract = {A self-stabilizing algorithm is proposed for constructing spanning trees for connected graphs.  Because of the self-stabilizing property, the algorithm can handle error recovery automatically.}
}

@article{dew:sem,
 author = {Dijkstra, Edsger W.},
 title = {Self-stabilizing Systems in Spite of Distributed Control},
 journal = {Commun. ACM},
 issue_date = {Nov. 1974},
 volume = {17},
 number = {11},
 month = nov,
 year = {1974},
 issn = {0001-0782},
 pages = {643--644},
 numpages = {2},
 url = {http://doi.acm.org/10.1145/361179.361202},
 doi = {10.1145/361179.361202},
 acmid = {361202},
 publisher = {ACM},
 address = {New York, NY, USA},
 keywords = {distributed control, error recovery, harmonious cooperation, multiprocessing, mutual exclusion, networks, robustness, self-repair, self-stabilization, sharing, synchronization},
}

@incollection{goddard:ssa--k-distance,
  author={Goddard, Wayne and Hedetniemi, Stephen T. and Jacobs, David P. and Trevisan, Vilmar},
  title={Distance-$k$ Information in Self-stabilizing Algorithms},
  year={2006},
  booktitle={Structural Information and Communication Complexity},
  series={Lecture Notes in Computer Science},
  editor={Flocchini, Paola and GÄ…sieniec, Leszek},
  publisher={Springer Berlin Heidelberg},
  volume={4056},
  isbn={978-3-540-35474-1},
  pages={349--356},
  doi={10.1007/11780823_27},
  url={http://dx.doi.org/10.1007/11780823_27},
}

@article{gairing:distance-2,
  title={Distance-two information in self-stabilizing algorithms},
  author={Gairing, Martin and Goddard, Wayne and Hedetniemi, Stephen T and Kristiansen, Petter and Mcrae, Alice A},
  journal={Parallel Processing Letters},
  volume={14},
  number={03n04},
  pages={387--398},
  year={2004},
  publisher={World Scientific Publishing Company}
}

@inproceedings{hagberg:networkx,
  author = {Aric A. Hagberg and Daniel A. Schult and Pieter J. Swart},
  title = {Exploring network structure, dynamics, and function using {NetworkX}},
  year = {2008},
  month = Aug,
  urlpdf = {http://math.lanl.gov/~hagberg/Papers/hagberg-2008-exploring.pdf},
  booktitle = {Proceedings of the 7th Python in Science Conference (SciPy2008)},
  editors = {G\"{a}el Varoquaux, Travis Vaught, and Jarrod Millman},
  address = {Pasadena, CA USA},
  pages = {11--15}
}

@inproceedings{lafon:libcircle,
  author = {LaFon, Jharrod and Misra, Satyajayant and Bringhurst, Jon},
  title = {On Distributed File Tree Walk of Parallel File Systems},
  booktitle = {Proceedings of the International Conference on High Performance Computing, Networking, Storage and Analysis},
  series = {SC '12},
  year = {2012},
  isbn = {978-1-4673-0804-5},
  location = {Salt Lake City, Utah},
  pages = {87:1--87:11},
  articleno = {87},
  numpages = {11},
  url = {http://dl.acm.org/citation.cfm?id=2388996.2389114},
  acmid = {2389114},
  publisher = {IEEE Computer Society Press},
  address = {Los Alamitos, CA, USA},
  keywords = {file systems, metadata, parallel algorithms},
  % https://github.com/hpc/libcircle
}

@inproceedings{qadeer:verifying-ssa,
  author = {S. Qadeer and N. Shankar},
  title = {Verifying a Self-Stabilizing Mutual Exclusion Algorithm},
  booktitle = {In Proceedings of IFIP Working Conference on Programming Concept and Methods. Chapman},
  year = {1996},
  pages = {424--442},
  publisher = {Chapman \& Hall}
}

@book{python3:ref,
  author = {Van Rossum, Guido and Drake, Fred L.},
  title = {Python 3 Reference Manual},
  year = {2009},
  isbn = {1441412697, 9781441412690},
  publisher = {CreateSpace},
  address = {Paramount, CA},
} 

@article{arora:closure-and-convergence, 
  author={Arora, A. and Gouda, M.}, 
  journal={Software Engineering, IEEE Transactions on}, 
  title={Closure and convergence: a foundation of fault-tolerant computing}, 
  year={1993}, 
  month={Nov}, 
  volume={19}, 
  number={11}, 
  pages={1015-1027}, 
  keywords={fault tolerant computing;formal verification;closure;convergence;fault-tolerant computing;legal states;verification;Computer crashes;Computer errors;Computer science;Convergence;Design methodology;Fault tolerance;Fault tolerant systems;Law;Legal factors;Terminology}, 
  doi={10.1109/32.256850}, 
  ISSN={0098-5589}
}

@book{brooks:mythical-man-month,
  title={The Mythical Man-Month, Anniversary Edition: Essays On Software Engineering},
  author={Brooks, F. P.},
  isbn={9780132119160},
  url={http://books.google.com/books?id=Yq35BY5Fk3gC},
  year={1995},
  publisher={Pearson Education}
}

@inproceedings{lafon:balanceMQ,
 author = {LaFon, Jharrod and Misra, Satyajayant and Bringhurst, Jon},
 title = {On Distributed File Tree Walk of Parallel File Systems},
 booktitle = {Proceedings of the International Conference on High Performance Computing, Networking, Storage and Analysis},
 series = {SC '12},
 year = {2012},
 isbn = {978-1-4673-0804-5},
 location = {Salt Lake City, Utah},
 pages = {87:1--87:11},
 articleno = {87},
 numpages = {11},
 url = {http://dl.acm.org/citation.cfm?id=2388996.2389114},
 acmid = {2389114},
 publisher = {IEEE Computer Society Press},
 address = {Los Alamitos, CA, USA},
 keywords = {file systems, metadata, parallel algorithms},
}

@unpublished{dolev:talk,
  author = 	 {Shlomi Dolev and Anish Arora and Willem-Paul de~Roever},
  title = 	 {Self-Stabilization},
  year = 	 1998,
  howpublished = {online},
  note = 	 {A collection of abstracts from a talk},
  url = 	 {http://www.dagstuhl.de/Reports/98/98331.pdf},
  urldate = 	 {2014-03-01}
}

@article{knuth:lit-prog,
  title={Literate programming},
  author={Knuth, Donald E},
  journal={The Computer Journal},
  volume={27},
  number={2},
  pages={97--111},
  year={1984},
  publisher={Br Computer Soc}
}

@online{palesz:graphsharp,
  editor = 	 {\href{http://www.codeplex.com/site/users/view/palesz}{`Palesz'}},
  title = 	 {Graph\#},
  year = 	 2009,
  url = 	 {http://graphsharp.codeplex.com}
}

% Local Variables:
% bibtex-dialect: biblatex
% End:
