@article{dew:sem,
 author		= {Dijkstra, Edsger W.},
 title		= {Self-stabilizing Systems in Spite of Distributed Control},
 journal	= {Commun. ACM},
 issue_date	= {Nov. 1974},
 volume		= {17},
 number		= {11},
 month		= nov,
 year		= {1974},
 issn		= {0001-0782},
 pages		= {643--644},
 numpages	= {2},
 publisher	= {ACM},
 address	= {New York, NY, USA},
}

@incollection{goddard:ssa--k-distance,
  author	= {Goddard, Wayne and Hedetniemi, Stephen T. and Jacobs, David P. and Trevisan, Vilmar},
  title		= {Distance-$k$ Information in Self-stabilizing Algorithms},
  year		= {2006},
  booktitle	= {Structural Information and Communication Complexity},
  series	= {Lecture Notes in Computer Science},
  publisher	= {Springer Berlin Heidelberg},
  volume	= {4056},
  pages		= {349--356},
}

@inproceedings{lafon:balanceMQ,
 author		= {LaFon, Jharrod and Misra, Satyajayant and Bringhurst, Jon},
 title		= {On Distributed File Tree Walk of Parallel File Systems},
 booktitle	= {Proceedings of the International Conference on High Performance Computing, Networking, Storage and Analysis},
 series		= {SC '12},
 year		= {2012},
 location	= {Salt Lake City, Utah},
 pages		= {87:1--87:11},
 articleno	= {87},
 numpages	= {11},
 publisher	= {IEEE Computer Society Press},
 address	= {Los Alamitos, CA, USA},
}

@incollection{ssa:dist,
  year      = {2001},
  booktitle = {Self-Stabilizing Systems},
  volume    = {2194},
  series    = {Lecture Notes in Computer Science},
  editor    = {Datta, Ajoy K. and Herman, Ted},
  title     = {Dijkstra's Self-Stabilizing Algorithm in Unsupportive Environments},
  publisher = {Springer Berlin Heidelberg},
  author    = {Dolev, Shlomi and Herman, Ted},
  pages     = {67-81},
}

@Online{gh:libcircle,
  author = 	 {HPC},
  title = 	 {libcircle},
  date = 	 {2014-02-13},
  url = 	 {http://github.com/hpc/libcircle},
  urldate = 	 {2014-04-10}}

@Online{gh:balancemq,
  author = 	 {fintler},
  title = 	 {BalanceMQ},
  date = 	 {2013-04-29},
  url = 	 {http://github.com/fintler/balancemq},
  urldate = 	 {2014-04-10}}

@article{lamport,
  author     = {Lamport, Leslie},
  title      = {Solved Problems, Unsolved Problems and Non-problems in Concurrency},
  journal    = {SIGOPS Oper. Syst. Rev.},
  issue_date = {October 1985},
  volume     = {19},
  number     = {4},
  month      = oct,
  year       = {1985},
  pages      = {34--44},
  numpages   = {11},
  publisher  = {ACM},
  address    = {New York, NY, USA},
}

@inproceedings{ex:mobile1, 
  author    = {Kuroiwa, J. and Yamauchi, Y. and Weihua Sun and Ito, M.}, 
  title     = {A Self-Stabilizing Algorithm for Stable Clustering in Mobile Ad-Hoc Networks}, 
  year      = {2011}, 
  month     = {Feb}, 
  pages     = {1-7}, 
}

@incollection{ex:mobile2,
  year      = {2007},
  booktitle = {Distributed Computing and Internet Technology},
  volume    = {4882},
  title     = {Self-stabilizing Routing Algorithms for Wireless Ad-Hoc Networks},
  publisher = {Springer Berlin Heidelberg},
  author    = {Khot, Rohit and Poola, Ravikant and Kothapalli, Kishore and Srinathan, Kannan},
  pages     = {54-66}
}

@article{ex:mobile3,
  title    = {Robust self-stabilizing weight-based clustering algorithm},
  journal  = {Theoretical Computer Science},
  volume   = {410},
  number   = {6-7},
  pages    = {581 - 594},
  year     = {2009},
  author   = {Colette Johnen and Le Huy Nguyen},
}

% Local Variables:
% bibtex-dialect: biblatex
% End:
